 
% ksiazka
@Book{bib:ksiazka,
  Title                    = {Tytuł książki},
  Author                   = {Imię Nazwisko and Nazwisko, Imię and Imię Nazwisko},
  Publisher                = {Wydawnictwo},
  Year                     = {2017},
  Address                  = {Warszawa},
  ISBN                     = {83-204-3229-9-434}
}

% artykul w czasopismie
@Article{bib:artykul,
  Title                    = {Tytuł artykułu w czasopiśmie},
  Author                   = {Imię Nazwisko and Nazwisko, Imię and Imię Nazwisko},
  Journal                  = {Tytuł czasopisma},
  Year                     = {2016},
  Number                   = {8},
  Pages                    = {1092--1113},
  Volume                   = {157}
}

% artykul konferencyjny
@InProceedings{bib:konferencja,
  Title                    = {Tytuł artykułu konferencyjnego},
  Author                   = {Imię Nazwisko and Nazwisko, Imię and Imię Nazwisko},
  Booktitle                = {Nazwa konferecji},
  Year                     = {2006}, 
  Pages                    = {5346--5349}
}


% zrodlo internetowe
@online{bib:internet,
  author                   = {Imię Nazwisko and Nazwisko, Imię},
  title                    = {Tytuł strony internetowej},
  year                     = {2021}, 
  url                      = {http://gdzies/w/internecie/internet.html},
  urldate                  = {2021-09-30}
}

%----------------------------------------------------------------

@online{bib:music_report,
author = {International Federation of the Phonographic Industry},
title = {Global Music Report},
year = {2023},
url = {https://ifpi-website-cms.s3.eu-west-2.amazonaws.com/GMR_2023_State_of_the_Industry_ee2ea600e2.pdf}
}

@online{bib:streaming_marekt_share,
author = {Mark Mulligan},
title = { Music subscriber market shares Q2 2021
},
year = {2022},
url = {https://www.midiaresearch.com/blog/music-subscriber-market-shares-q2-2021}
}

@online{bib:spotify_jam,
title = {Spotify Jam},
year = {2023},
url = {https://support.spotify.com/pl/article/jam/}
}

@online{bib:festify,
title = {Festify},
year = {2023},
url = {https://festify.rocks/}
}

@Article{bib:web_app_def,
  Title                    = {Modeling Web Application Architectures with UML},
  Author                   = {Jim Conallen},
  Journal                  = {Commun. ACM},
  Year                     = {1999},
  Number                   = {10},
  Pages                    = {63-70},
  Volume                   = {42}
}

@online{bib:spotify_api,
author = {Spotify},
title = {Web API - Spotify for developers},
year = {2023},
url = {https://developer.spotify.com/documentation/web-api}
}

@online {bib:spotify_terms,
title = {Spotify Developer Terms},
year = {2023},
url = {https://developer.spotify.com/terms}
}

@online{bib:spring_boot,
author = {Webb, Phillip and Syer, Dave and Long, Josh and Nicoll, Stéphane and Winch, Rob and Wilkinson, Andy and Overdijk, Marcel and Dupuis, Christian and Deleuze, Sébastien and Simons, Michael and Pavić, Vedran and Bryant, Jay and Bhave, Madhura and Meléndez, Eddú and Frederick, Scott and Halbritter, Moritz},
title = {Spring Boot Reference Documentation},
year = {2023},
url = {https://docs.spring.io/spring-boot/docs/current/reference/html/}
}

@online{bib:spring_jpa,
author = {Gierke, Oliver and Darimont, Thomas and Strobl, Christoph and Paluch, Mark and Bryant, Jay and Turnquist, Greg},
title = {Spring Data JPA},
year = {2023},
url = {https://docs.spring.io/spring-data/jpa/reference/index.html}
}

@INPROCEEDINGS{bib:spring_market_analysis,
  author={Mythily, M. and Samson Arun Raj, A. and Thanakumar Joseph, Iwin},
  booktitle={2022 International Conference on Inventive Computation Technologies (ICICT)}, 
  title={An Analysis of the Significance of Spring Boot in The Market}, 
  year={2022},
  pages={1277-1281},
  doi={10.1109/ICICT54344.2022.9850910}
}

@online{bib:spotify_client_java,
title = {Spotify Web API Java},
year = {2023},
url = {https://github.com/spotify-web-api-java/spotify-web-api-java}
}


@online{bib:angular,
title = {Angular Docs},
year = {2023},
url = {https://v16.angular.io/docs}
}

@online{bib:angular_materials,
title = {Angular Materials},
url = {https://v16.material.angular.io/components/categories},
}

@online{bib:openapi_generator,
title = {Swagger Codegen},
url = {https://swagger.io/docs/specification/about/},
}

@online{bib:docker,
title = {Docker Docs},
url = {https://docs.docker.com/}
}

@online{bib:java_virtual_machine,
author = {Lindholm, Tim and Yellin, Frank and Bracha, Gilad and Buckley, Alex and Smith, Daniel},
title = {The Java® Virtual Machine Specification},
year = {2023},
url = {https://docs.oracle.com/javase/specs/jvms/se21/html/index.html}
}









